<collection xmlns="http://www.loc.gov/MARC21/slim">
<record>
  <leader>00461na 0a22001211i 450 </leader>
  <controlfield tag="001">IT\ICCU\CNCE\048819</controlfield>
  <controlfield tag="005">20031211000000.0</controlfield>
  <datafield tag="100" ind1=" " ind2=" ">
    <subfield code="a">19990730             0itac0103    ba</subfield>
  </datafield>
  <datafield tag="101" ind1=" " ind2=" ">
    <subfield code="a">LAT</subfield>
  </datafield>
  <datafield tag="200" ind1="1" ind2=" ">
    <subfield code="a">Codicis ... libri IX priores ... Tomus quartus</subfield>
  </datafield>
  <datafield tag="700" ind1=" " ind2="0">
    <subfield code="a">Iustinianus</subfield>
    <subfield code="c"> &lt;imperatore d&apos;Oriente</subfield>
    <subfield code="c"> ; 1.&gt;</subfield>
    <subfield code="3">IT\ICCU\CNCA\003125</subfield>
  </datafield>
  <datafield tag="790" ind1=" " ind2="0">
    <subfield code="a">Giustiniano</subfield>
    <subfield code="c"> &lt;imperatore d&apos;Oriente</subfield>
    <subfield code="c"> ; 1.&gt;</subfield>
    <subfield code="3">IT\ICCU\CNCA\020200</subfield>
    <subfield code="z">Iustinianus &lt;imperatore d&apos;Oriente ; 1.&gt;</subfield>
  </datafield>
  <datafield tag="801" ind1=" " ind2="3">
    <subfield code="a">IT</subfield>
    <subfield code="b">ICCU</subfield>
    <subfield code="c">20201115</subfield>
  </datafield>
</record>
</collection>
